%%%% Guide til bibtex og litteratur.bib %%%%

% Alle kilder angives efter Harvard-metoden og vil i rapporten fremstaa med [FORFATTER, AAR] eller mere praecist [EFTERNAVN, AAR].

% Nederst findes eksempler paa kildeangivelser af typerne manual, book, article, techreport og misc.
	% - Manual bruges ved henvisninger fra internettet, idet \url-funktionen findes her
	% - Book bruges ved helt almindelige boeger
	% - Article bruges ved artikler og udgivelser
	% - Techreport kan bruges ved mindre udgivelser, hvor kun titel, forfatter og AAR er noedvendig eller tilgaengelig
	% - Misc kan bruges ved det, der falder udenfor de andre kategorier - interview, forelaesninger, foredrag osv. 

% Hvis der er flere forfattere paa en kilde, SKAL de listes med 'and' imellem dem - ogsaa ved 3 og derover (f.eks. FORFATTER 1 and FORFATTER 2 and FORFATTER 3). NAAR kildelisten bygges i rapporten, vil der ved 2 forfattere komme til at staa [EFTERNAVN 1 og EFTERNAVN 2, AAR] og ved 3 forfattere og derover komme til at staa [EFTERNAVN 1 et. al, AAR]. 

% Ved almindelige forfatternavne skal der vaere ét saet tuborg-parenteser ved Author (f.eks. author = {H. C. Andersen}). Ved andre navne (f.eks. virksomheder, hjemmesider, grupper, raad, naevn osv.) skal der vaere 2 saet tuborg-parenteser ved Author (f.eks. author = {{Dansk Standard}}). Begrundelse: med 2 saet tuborg-parenteser skrives hele parentesen ud som forfatter, [Dansk Standard, AAR]. Alternativt ville der i eksemplet bare komme til at staa [Standard, AAR].

%-----------------------------------------------------%

%%%% EKSEMPLER (manual, book, article, techreport og misc) %%%%

@manual{cypress:psoc4author,
	title         = "PSoC Creator Component Author Guide",
	author        = "{Cypress}",
	organization  = "Cypress",
	number        = "N",
	month         =  12,
	year          =  2014,
	note          = "",
	url = "http://www.cypress.com/?rID=49025"
}

@article{gardenbot:soilmoisture,
	title         = "The Soil Moisture Sensor",
	author        = "{Andrew Frueh}",
	organization  = "Gardenbot",
	number        = "",
	month         =  "",
	year          =  "",
	note          = "",
	url = "http://gardenbot.org/howTo/soilMoisture/"
}

@article{zonge:soilpermability,
	title         = "Optical, structural, electrical and magnetic properties of ore minerals reference",
	author        = "{Zonge International}",
	organization  = "Zonge International",
	number        = "",
	month         =  "01",
	year          =  "1997",
	note          = "",
	url = "http://zonge.com/rock-properties-lab/ore-minerals-physical-properties/"
}

@techreport{transem:humiditysensor,
	title         = "Humidity Sensor Using an Air Capacitor",
	author        = "{Jin Moon Choi and Tae Wan Kim}",
	organization  = "Transem",
	number        = "",
	month         =  "08",
	year          =  "2013",
	note          = "",
	url = "http://www.transeem.org/Upload/files/TEEM/04-13-0038%28182-186%29.pdf"
}

@techreport{ir:36MB120A,
	title         = "36MB120A",
	author        = "{International Rectifier}",
	organization  = "International Rectifier",
	number        = "",
	month         =  "03",
	year          =  "2003",
	note          = "",
	url = "http://www.irf.com"
}

@techreport{vishay:IRF9Z24,
	title         = "IRF9Z24",
	author        = "{Vishay Siliconix}",
	organization  = "Vishay Siliconix",
	number        = "",
	month         =  "03",
	year          =  "2011",
	note          = "",
	url = "http://www.vishay.com"
}

@techreport{ns:LF356N,
	title         = "LF356N",
	author        = "{National Semiconductor}",
	organization  = "National Semiconductor",
	number        = "",
	month         =  "05",
	year          =  "2000",
	note          = "",
	url = "http://www.national.com"
}

@techreport{ns:0160P12012,
	title         = "Ringkern-Transformatoren für allgemeine Anwendung",
	author        = "{Talema}",
	organization  = "Talema",
	number        = "",
	month         =  "02",
	year          =  "2008",
	note          = "",
	url = "http://www.talema.net"
}

@techreport{mi:MAX3082,
	title         = "MAX3080–MAX3089",
	author        = "{Maxim Integrated}",
	organization  = "Maxim Integrated",
	number        = "",
	month         =  "12",
	year          =  "2005",
	note          = "",
	url = "http://www.maximintegrated.com"
}

@techreport{ti:rs485,
	title         = "The RS-485 Design Guide",
	author        = "{Texas Instruments}",
	organization  = "Texas Instruments",
	number        = "",
	month         =  "05",
	year          =  "2008",
	note          = "",
	url = "http://www.maximintegrated.com"
}

@techreport{man7:manpages,
	title         = "Linux man pages",
	author        = "{Michael Kerrisk}",
	organization  = "man7.org",
	number        = "",
	month         =  "",
	year          =  "",
	note          = "",
	url = "http://man7.org/linux/man-pages/index.html"
}

@manual{bootstrap:bootstrap,
	title         = "Bootstrap",
	author        = "{Bootstrap}",
	organization  = "Bootstrap",
	number        = "",
	month         =  "",
	year          =  "2015",
	note          = "",
	url = "http://getbootstrap.com/"
}

@manual{jquery:jquery,
	title         = "JQuery",
	author        = "{The jQuery Foundation}",
	organization  = "The jQuery Foundation",
	number        = "",
	month         =  "",
	year          =  "2015",
	note          = "",
	url = "https://jquery.com/"
}

@manual{oracle:mysqlcppconn,
	title         = "MySQL Connector/C++ Developer Guide",
	author        = "{Oracle}",
	organization  = "Oracle",
	number        = "",
	month         =  "05",
	year          =  "2015",
	note          = "",
	url = "http://dev.mysql.com/doc/connector-cpp/en/"
}

@manual{apache:apache,
	title         = "Apache 2.0",
	author        = "{Apache Software Foundation}",
	organization  = "Apache Software Foundation",
	number        = "",
	month         =  "",
	year          =  "2015",
	note          = "",
	url = "http://www.apache.org"
}

@manual{oracle:mysql,
	title         = "Mysql 5.5.41",
	author        = "{Oracle}",
	organization  = "Oracle",
	number        = "",
	month         =  "",
	year          =  "2015",
	note          = "",
	url = "https://www.mysql.com/"
}

@techreport{biltema:inlinepump,
	title         = "Inline-Pump",
	author        = "{Biltema}",
	organization  = "Biltema",
	number        = "",
	month         =  "10",
	year          =  "2014",
	note          = "",
	url = "http://www.biltema.com"
}

@techreport{nxp:74HC08,
	title         = "74HC08",
	author        = "{NXP Semiconductors}",
	organization  = "NXP Semiconductors",
	number        = "",
	month         =  "09",
	year          =  "2012",
	note          = "",
	url = "http://www.nxp.com"
}

@techreport{nxp:74HC393,
	title         = "74HC393",
	author        = "{NXP Semiconductors}",
	organization  = "NXP Semiconductors",
	number        = "",
	month         =  "04",
	year          =  "2014",
	note          = "",
	url = "http://www.nxp.com"
}

@techreport{nxp:YFS201,
	title         = "YFS201",
	author        = "{YIFA Electronica}",
	organization  = "YIFA Electronica",
	number        = "",
	month         =  "",
	year          =  "",
	note          = "",
	url = "http://yifa.mx/"
}

@techreport{ir:IRLZ44Z,
	title         = "IRLZ44Z",
	author        = "{International Rectifier}",
	organization  = "International Rectifier",
	number        = "",
	month         =  "02",
	year          =  "2004",
	note          = "",
	url = "http://www.irf.com"
}

@techreport{dinc:1N4007,
	title         = "1N4007",
	author        = "{Diodes Incorporated}",
	organization  = "Diodes Incorporated",
	number        = "",
	month         =  "",
	year          =  "",
	note          = "",
	url = "http://www.diodes.com"
}

@techreport{hydra:valve,
	title         = "Thread/Push-fit solenoid valves",
	author        = "{Hydralectric}",
	organization  = "Hydralectric",
	number        = "",
	month         =  "",
	year          =  "",
	note          = "",
	url = "http://www.hydralectric.com"
}